% Optional fields: volume/number, series, address, edition, month, note
@BOOK{scientificComputingMatlab,
	author = {A. Quarteroni and F. Saleri and P. Gervasio},
	title = {Scientific Computing with MATLAB and Octave},
	publisher = {Springer},
	year = {2014}
}

% Optional fields: volume/number, series, address, edition, month, note
@BOOK{DistributionsFourierTransform,
	author = {Robert S. Strichartz},
	title = {A guide to distribution theory and Fourier transform},
	publisher = {World Scientific},
	year = {2015}
}
